<record><leader>00000cas a22000007i 4500</leader><controlfield tag="001">895038769</controlfield><controlfield tag="006">m     o  d        </controlfield><controlfield tag="007">cr |n|000|||||</controlfield><controlfield tag="008">840706d18691894ohuwr neo     0   a0eng  </controlfield><datafield ind1=" " ind2=" " tag="010"><subfield code="a">  2014218749</subfield></datafield><datafield ind1=" " ind2=" " tag="040"><subfield code="a">Nz</subfield><subfield code="b">eng</subfield><subfield code="e">rda</subfield><subfield code="c">Z5A</subfield><subfield code="d">OCLCO</subfield><subfield code="d">DLC</subfield><subfield code="d">OCLCF</subfield></datafield><datafield ind1="0" ind2=" " tag="022"><subfield code="a">2376-1296</subfield><subfield code="2">1</subfield></datafield><datafield ind1="0" ind2=" " tag="029"><subfield code="a">NZ1</subfield><subfield code="b">15700255</subfield></datafield><datafield ind1="1" ind2=" " tag="029"><subfield code="a">NZ1</subfield><subfield code="b">16037308</subfield></datafield><datafield ind1=" " ind2=" " tag="042"><subfield code="a">msc</subfield><subfield code="a">nsdp</subfield></datafield><datafield ind1=" " ind2=" " tag="043"><subfield code="a">n-us-oh</subfield></datafield><datafield ind1="1" ind2="0" tag="050"><subfield code="a">ISSN RECORD</subfield></datafield><datafield ind1="0" ind2="0" tag="082"><subfield code="a">071</subfield><subfield code="2">23</subfield></datafield><datafield ind1=" " ind2="0" tag="222"><subfield code="a">Democratic Northwest</subfield><subfield code="b">(Online)</subfield></datafield><datafield ind1="0" ind2="0" tag="245"><subfield code="a">Democratic Northwest.</subfield></datafield><datafield ind1=" " ind2="1" tag="264"><subfield code="a">Napoleon, Ohio :</subfield><subfield code="b">L. L. Orwig</subfield></datafield><datafield ind1=" " ind2=" " tag="300"><subfield code="a">1 online resource</subfield></datafield><datafield ind1=" " ind2=" " tag="310"><subfield code="a">Weekly</subfield></datafield><datafield ind1=" " ind2=" " tag="336"><subfield code="a">text</subfield><subfield code="b">txt</subfield><subfield code="2">rdacontent</subfield></datafield><datafield ind1=" " ind2=" " tag="337"><subfield code="a">computer</subfield><subfield code="b">c</subfield><subfield code="2">rdamedia</subfield></datafield><datafield ind1=" " ind2=" " tag="338"><subfield code="a">online resource</subfield><subfield code="b">cr</subfield><subfield code="2">rdacarrier</subfield></datafield><datafield ind1="1" ind2=" " tag="362"><subfield code="a">Began May 8, 1869; ceased with vol. XLI, no. 48 (January 11, 1894).</subfield></datafield><datafield ind1=" " ind2=" " tag="500"><subfield code="a">Editor: William Hubbard, &lt;1869&gt;.</subfield></datafield><datafield ind1=" " ind2=" " tag="500"><subfield code="a">Publishers: Coughlin &amp; Hubbard, 1869-1872; T. &amp; M. Coughlin, 1872; L.L. Orwig &amp; Co., 1872-1873; Orwig &amp; Wisler, 1873-1875; L.L. Orwig, 1875-1894.</subfield></datafield><datafield ind1=" " ind2=" " tag="500"><subfield code="a">"Democratic, &lt;1873&gt;.".</subfield></datafield><datafield ind1=" " ind2=" " tag="500"><subfield code="a">"Official paper of Henry County," &lt;1873&gt;.</subfield></datafield><datafield ind1=" " ind2=" " tag="588"><subfield code="a">Description based on: Volume XXVIII, number 46 (January 6,1881); title from masthead (Chroniclingamerica.loc.gov, viewed November 19, 2014).</subfield></datafield><datafield ind1=" " ind2=" " tag="588"><subfield code="a">Latest issue consulted: Vol. XLI, no. 48 (January 11, 1894) (Chroniclingamerica.loc.gov, viewed November 19, 2014).</subfield></datafield><datafield ind1=" " ind2="0" tag="651"><subfield code="a">Napoleon (Ohio)</subfield><subfield code="v">Newspapers.</subfield></datafield><datafield ind1=" " ind2="0" tag="651"><subfield code="a">Henry County (Ohio)</subfield><subfield code="v">Newspapers.</subfield></datafield><datafield ind1=" " ind2="7" tag="655"><subfield code="a">Newspapers.</subfield><subfield code="2">fast</subfield><subfield code="0">(OCoLC)fst01423814</subfield></datafield><datafield ind1=" " ind2="7" tag="651"><subfield code="a">Ohio</subfield><subfield code="z">Henry County.</subfield><subfield code="2">fast</subfield><subfield code="0">(OCoLC)fst01206290</subfield></datafield><datafield ind1=" " ind2="7" tag="651"><subfield code="a">Ohio</subfield><subfield code="z">Napoleon.</subfield><subfield code="2">fast</subfield><subfield code="0">(OCoLC)fst01222386</subfield></datafield><datafield ind1=" " ind2=" " tag="752"><subfield code="a">United States</subfield><subfield code="b">Ohio</subfield><subfield code="c">Henry</subfield><subfield code="d">Napoleon.</subfield></datafield><datafield ind1="0" ind2="8" tag="776"><subfield code="i">Originally issued in print:</subfield><subfield code="t">Democratic Northwest</subfield><subfield code="x">2376-1288</subfield><subfield code="w">(DLC)sn 84028296</subfield><subfield code="w">(OCoLC)10920206</subfield></datafield><datafield ind1="0" ind2="0" tag="780"><subfield code="t">Weekly Northwest (Napoleon, Ohio)</subfield></datafield><datafield ind1="0" ind2="0" tag="785"><subfield code="t">Democratic Northwest and Henry County news</subfield></datafield><datafield ind1="4" ind2="0" tag="856"><subfield code="u">http://www.loc.gov/chroniclingamerica/lccn/sn84028296/issues</subfield></datafield></record>